@misc{GPRAnalysis,
    title = {{GPR Velocity table and analysis}},
    booktitle = {GPR Rental},
    url = {https://gprrental.com/gpr-velocity-table-analysis/}
}

@book{RnningGroundPerformance,
    title = {{Ground Penetrating Radar (GPR), Principles and performance}},
    author = {R{\o}nning, Jan Steinar and {Georgios TassisGeorgios}},
    publisher = {Course UNIS 2023, by Georgios Tassis}
}

@misc{UnderstandingDetection,
    title = {{Understanding GPR Resolution and Target Detection}},
    booktitle = {Sensor and Software},
    url = {Understanding GPR Resolution and Target Detection}
}